% Reference an article
@article{greenwade93,
   author  = "George D. Greenwade",
   title   = "The {C}omprehensive {T}ex {A}rchive {N}etwork ({CTAN})",
   year    = "1993",
   journal = "TUGBoat",
   volume  = "14",
   number  = "3",
   pages   = "342--351"
}

% Reference a URL
@misc{P4,
   author = {''p4.org''},
   title={P4 Language Consortium},
   howpublished = {\url{https://p4.org/}},
   year={2014},
   month={Sep},
   note = {Accessed: 2018-10-08}
}
@misc{NetFPGA,
   author = {''netfpga.org''},
   title={NetFPGA},
   howpublished = {\url{https://netfpga.org/}},
   year={2010},
   month={Jul},
   note = {Accessed: 2018-10-08}
}
@misc{git,
   author = {''git-scm.com''},
   title={git},
   howpublished = {\url{https://git-scm.com/}},
   year={2012},
   month={May},
   note = {Accessed: 2018-10-08}
}
@misc{github,
   author = {''github.com''},
   title={GitHub},
   howpublished = {\url{https://github.com/}},
   year={2009},
   month={Sep},
   note = {Accessed: 2018-10-09}
}

% Reference a University Lecture
@misc{LectureA,
   Author = {Ridcully, Mustrum},
   Institution = {Unseen University},
   Howpublished = {University Lecture},
   Year = {2000},
   Title = {An Introduction to Crossbow Hunting}
}
